@InCollection{hilbert-program,
	author       =	{Zach, Richard},
	title        =	{{Hilbert’s Program}},
	booktitle    =	{The {Stanford} Encyclopedia of Philosophy},
	editor       =	{Edward N. Zalta and Uri Nodelman},
	howpublished =	{\url{https://plato.stanford.edu/archives/win2023/entries/hilbert-program/}},
	year         =	{2023},
	edition      =	{{W}inter 2023},
	publisher    =	{Metaphysics Research Lab, Stanford University}
}

@article{cantor,
author = {Davis, Martin},
year = {2002},
month = {06},
pages = {45-68},
title = {The Universal Computer: The Road from Leibniz to Turing},
volume = {109},
journal = {The American Mathematical Monthly},
doi = {10.2307/2695463}
}

@article{hilbert_g,
author = {Davis, Martin},
year = {2002},
month = {06},
pages = {94},
title = {The Universal Computer: The Road from Leibniz to Turing},
volume = {109},
journal = {The American Mathematical Monthly},
doi = {10.2307/2695463}
}

@InCollection{goedel,
	author       =	{Kennedy, Juliette},
	title        =	{{Kurt Gödel}},
	booktitle    =	{The {Stanford} Encyclopedia of Philosophy},
	editor       =	{Edward N. Zalta},
	howpublished =	{\url{https://plato.stanford.edu/archives/win2020/entries/goedel/}},
	year         =	{2020},
	edition      =	{{W}inter 2020},
	publisher    =	{Metaphysics Research Lab, Stanford University}
}

@article{godel,
author = {Davis, Martin},
year = {2002},
month = {06},
pages = {87-120},
title = {The Universal Computer: The Road from Leibniz to Turing},
volume = {109},
journal = {The American Mathematical Monthly},
doi = {10.2307/2695463}
}


@InCollection{choice,
	author       =	{Bell, John L.},
	title        =	{{The Axiom of Choice}},
	booktitle    =	{The {Stanford} Encyclopedia of Philosophy},
	editor       =	{Edward N. Zalta},
	howpublished =	{\url{https://plato.stanford.edu/archives/win2021/entries/axiom-choice/}},
	year         =	{2021},
	edition      =	{{W}inter 2021},
	publisher    =	{Metaphysics Research Lab, Stanford University}
}


@InCollection{russell,
	author       =	{Irvine, Andrew David},
	title        =	{{Bertrand Russell}},
	booktitle    =	{The {Stanford} Encyclopedia of Philosophy},
	editor       =	{Edward N. Zalta and Uri Nodelman},
	howpublished =	{\url{https://plato.stanford.edu/archives/win2024/entries/russell/}},
	year         =	{2024},
	edition      =	{{W}inter 2024},
	publisher    =	{Metaphysics Research Lab, Stanford University}
}

@book{enderton2001mathematical,
  title={A Mathematical Introduction to Logic},
  author={Enderton, H.B.},
  isbn={9780080496467},
  lccn={00110670},
  url={https://books.google.com.cu/books?id=dVncCl_EtUkC},
  year={2001},
  publisher={Academic Press}
}